@inproceedings{Amro2018,
  doi = {10.1109/aiccsa.2018.8612876},
  url = {https://doi.org/10.1109/aiccsa.2018.8612876},
  year = {2018},
  month = {Oct},
  publisher = {{IEEE}},
  author = {Belal M. Amro and Mohanad O. Al-Jabari and Hussein M. Jabareen and Yousef S. Khader and Adel Taweel},
  title = {Design and Development of Case Studies in Security and Privacy for Health Informatics Education},
  booktitle = {2018 {IEEE}/{ACS} 15th International Conference on Computer Systems and Applications ({AICCSA})},
  note = {FIXME}
}

@book{Blue2015,
  author = {Violet Blue},
  title = {The Smart Girl's Guide to Privacy: Practical Tips for Staying Safe Online},
  publisher = {No Starch Press},
  year = {2015},
  isbn = {978-1593276485},
  note = {Practical tips from someone on the front lines.}
}

@article{Cove2018,
  doi = {10.1016/j.maturitas.2018.04.008},
  url = {https://doi.org/10.1016/j.maturitas.2018.04.008},
  year = {2018},
  month = {Jul},
  publisher = {Elsevier {BV}},
  volume = {113},
  pages = {48--52},
  author = {Lynne Coventry and Dawn Branley},
  title = {Cybersecurity in healthcare: A narrative review of trends,  threats and ways forward},
  journal = {Maturitas},
  note = {FIXME}
}

@article{Filk2016,
  title = {Privacy and security in the era of digital health: what should translational researchers know and do about it?},
  author = {Barbara Filkins and Ju Young Kim and Bruce L. Roberts and Winston Armstrong and Mark A. Miller and Michael L Hultner and Anthony P Castillo and Jean-Christophe Ducom and Eric J. Topol and Steven R. Steinhubl},
  journal = {American journal of translational research},
  year = {2016},
  volume = {8},
  number = {3},
  pages = {1560-80},
  note = {FIXME}
}

@article{Leit2019,
  doi = {10.1080/07370024.2019.1685883},
  url = {https://doi.org/10.1080/07370024.2019.1685883},
  year = {2019},
  month = {12},
  publisher = {Informa {UK} Limited},
  pages = {1--40},
  author = {Roxanne Leit{\~{a}}o},
  title = {Technology-Facilitated Intimate Partner Abuse: a qualitative analysis of data from online domestic abuse forums},
  journal = {Human{\textendash}Computer Interaction},
  note = {Reports a qualitative analysis of data gathered from three online discussion forums for victims and survivors of domestic abuse covering three main themes: forms of technology-facilitated abuse being discussed on the forums, the ways in which forum members are using technology within the context of intimate partner abuse, and the digital privacy and security advice being exchanged between victims/survivors on the forums.}
}

@article{Stan2016,
  doi = {10.1109/mitp.2016.84},
  url = {https://doi.org/10.1109/mitp.2016.84},
  year = {2016},
  month = {Sep},
  publisher = {Institute of Electrical and Electronics Engineers ({IEEE})},
  volume = {18},
  number = {5},
  pages = {26--32},
  author = {Brian Stanton and Mary F. Theofanos and Sandra Spickard Prettyman and Susanne Furman},
  title = {Security Fatigue},
  journal = {{IT} Professional},
  note = {Describes the all-too-common phenomenon of people giving up because security takes too much effort.}
}
